@book{campos2018algoritmos,
  title     = {Algoritmos num{\'e}ricos: uma abordagem moderna de c{\'a}lculo num{\'e}rico},
  author    = {Campos, filho, Frederico Ferreira},
  publisher = {LTC},
  year      = {2018},
}
